<?xml version = "1.0" encoding = "UTF-8"?><record>
  <leader>01860nas#a2200577#c#4500</leader>
  <controlfield tag="005">20210408111840.0</controlfield>
  <controlfield tag="007">cr#|||||||||||</controlfield>
  <controlfield tag="008">000515m19929999ne##|#p#o#####|####|ger#c</controlfield>
  <controlfield tag="003">DE-605</controlfield>
  <controlfield tag="001">990113161520206441</controlfield>
  <datafield tag="016" ind1="7" ind2=" ">
    <subfield code="a">02040655X</subfield>
    <subfield code="2">DE-101b</subfield>
  </datafield>
  <datafield tag="016" ind1="7" ind2=" ">
    <subfield code="a">2013112-4</subfield>
    <subfield code="2">DE-600</subfield>
  </datafield>
  <datafield tag="016" ind1="7" ind2=" ">
    <subfield code="a">984697247</subfield>
    <subfield code="2">OCoLC</subfield>
  </datafield>
  <datafield tag="022" ind1=" " ind2=" ">
    <subfield code="a">1875-8363</subfield>
  </datafield>
  <datafield tag="029" ind1="a" ind2="d">
    <subfield code="a">0928-2750</subfield>
    <subfield code="0">(uri) http://worldcat.org/issn/0928-2750</subfield>
  </datafield>
  <datafield tag="035" ind1=" " ind2=" ">
    <subfield code="a">(DE-605)HT012989088</subfield>
  </datafield>
  <datafield tag="040" ind1=" " ind2=" ">
    <subfield code="a">0355</subfield>
    <subfield code="b">ger</subfield>
    <subfield code="c">DNB</subfield>
    <subfield code="d">0001</subfield>
  </datafield>
  <datafield tag="041" ind1=" " ind2=" ">
    <subfield code="a">ger</subfield>
  </datafield>
  <datafield tag="044" ind1=" " ind2=" ">
    <subfield code="c">XA-NL</subfield>
  </datafield>
  <datafield tag="084" ind1=" " ind2=" ">
    <subfield code="a">INTRECHT</subfield>
    <subfield code="q">DE-1a</subfield>
    <subfield code="2">fid</subfield>
  </datafield>
  <datafield tag="084" ind1=" " ind2=" ">
    <subfield code="a">340</subfield>
    <subfield code="a">330</subfield>
    <subfield code="a">650</subfield>
    <subfield code="q">DE-600</subfield>
    <subfield code="2">zdbs</subfield>
  </datafield>
  <datafield tag="084" ind1=" " ind2=" ">
    <subfield code="a">PP 1000</subfield>
    <subfield code="2">rvk</subfield>
  </datafield>
  <datafield tag="090" ind1=" " ind2=" ">
    <subfield code="n">nl</subfield>
  </datafield>
  <datafield tag="245" ind1="0" ind2="0">
    <subfield code="a">EC tax review</subfield>
  </datafield>
  <datafield tag="264" ind1="3" ind2="1">
    <subfield code="a">Dordrecht [u.a.]</subfield>
    <subfield code="b">Kluwer</subfield>
    <subfield code="c">1992-</subfield>
    <subfield code="3">1992-</subfield>
  </datafield>
  <datafield tag="300" ind1=" " ind2=" ">
    <subfield code="a">Online-Ressource</subfield>
  </datafield>
  <datafield tag="336" ind1=" " ind2=" ">
    <subfield code="b">txt</subfield>
  </datafield>
  <datafield tag="337" ind1=" " ind2=" ">
    <subfield code="b">c</subfield>
  </datafield>
  <datafield tag="338" ind1=" " ind2=" ">
    <subfield code="b">cr</subfield>
  </datafield>
  <datafield tag="362" ind1="0" ind2=" ">
    <subfield code="a">1.1992 -</subfield>
  </datafield>
  <datafield tag="363" ind1="0" ind2="1">
    <subfield code="8">1.1\x</subfield>
    <subfield code="a">1</subfield>
    <subfield code="i">1992</subfield>
  </datafield>
  <datafield tag="490" ind1="0" ind2=" ">
    <subfield code="a">Kluwer law international journals</subfield>
  </datafield>
  <datafield tag="500" ind1=" " ind2=" ">
    <subfield code="a">Gesehen am 06.07.20</subfield>
    <subfield code="9">F:501</subfield>
  </datafield>
  <datafield tag="591" ind1=" " ind2=" ">
    <subfield code="a">IIA!URL-&#196;.(26-03-15)</subfield>
  </datafield>
  <datafield tag="655" ind1=" " ind2="7">
    <subfield code="a">Zeitschrift</subfield>
    <subfield code="0">(DE-588)4067488-5</subfield>
    <subfield code="2">gnd-content</subfield>
    <subfield code="0">(uri) https://portal.dnb.de/opac.htm?method=simpleSearch&amp;cqlMode=true&amp;query=idn=040674886</subfield>
    <subfield code="0">(uri) http://viaf.org/viaf/sourceID/DNB|040674886</subfield>
    <subfield code="B">GND-040674886</subfield>
  </datafield>
  <datafield tag="689" ind1="0" ind2="0">
    <subfield code="a">Europ&#228;ische Gemeinschaften</subfield>
    <subfield code="D">b</subfield>
    <subfield code="0">(DE-588)35439-9</subfield>
    <subfield code="0">(uri) https://portal.dnb.de/opac.htm?method=simpleSearch&amp;cqlMode=true&amp;query=idn=000354392</subfield>
    <subfield code="0">(uri) http://viaf.org/viaf/sourceID/DNB|000354392</subfield>
    <subfield code="B">GND-000354392</subfield>
  </datafield>
  <datafield tag="689" ind1="0" ind2="1">
    <subfield code="a">Steuer</subfield>
    <subfield code="D">s</subfield>
    <subfield code="0">(DE-588)4057399-0</subfield>
    <subfield code="0">(uri) https://portal.dnb.de/opac.htm?method=simpleSearch&amp;cqlMode=true&amp;query=idn=040573990</subfield>
    <subfield code="0">(uri) http://viaf.org/viaf/sourceID/DNB|040573990</subfield>
    <subfield code="B">GND-040573990</subfield>
  </datafield>
  <datafield tag="689" ind1="0" ind2="2">
    <subfield code="a">Zeitschrift</subfield>
    <subfield code="D">s</subfield>
    <subfield code="0">(DE-588)4067488-5</subfield>
    <subfield code="0">(uri) https://portal.dnb.de/opac.htm?method=simpleSearch&amp;cqlMode=true&amp;query=idn=040674886</subfield>
    <subfield code="0">(uri) http://viaf.org/viaf/sourceID/DNB|040674886</subfield>
    <subfield code="B">GND-040674886</subfield>
  </datafield>
  <datafield tag="689" ind1="0" ind2=" ">
    <subfield code="5">ZDB</subfield>
  </datafield>
  <datafield tag="776" ind1="0" ind2="8">
    <subfield code="i">Druckausg.</subfield>
    <subfield code="t">EC tax review</subfield>
    <subfield code="d">Alphen aan den Rijn : Kluwer Law International, 1992-</subfield>
    <subfield code="x">0928-2750</subfield>
    <subfield code="w">(DE-605)HT006442892</subfield>
    <subfield code="0">(uri) http://worldcat.org/issn/0928-2750</subfield>
  </datafield>
  <datafield tag="856" ind1="4" ind2="0">
    <subfield code="u">http://www.bibliothek.uni-regensburg.de/ezeit/?2013112</subfield>
    <subfield code="x">EZB</subfield>
  </datafield>
  <datafield tag="856" ind1="4" ind2="0">
    <subfield code="u">https://kluwerlawonline.com/Journals/EC+Tax+Review/19</subfield>
    <subfield code="x">Verlag; 1.1992 -</subfield>
  </datafield>
  <datafield tag="856" ind1="4" ind2="0">
    <subfield code="u">http://gso.gbv.de/DB=5.85/PPNSET?PPN=24428153X</subfield>
    <subfield code="x">Verlag; 6.1997 - 19.2010</subfield>
    <subfield code="z">Deutschlandweit zug&#228;nglich</subfield>
  </datafield>
  <datafield tag="912" ind1=" " ind2=" ">
    <subfield code="a">ZDB-1-KLU</subfield>
  </datafield>
  <datafield tag="962" ind1=" " ind2=" ">
    <subfield code="e">ZDB-1-KLU</subfield>
  </datafield>
  <datafield tag="964" ind1="0" ind2="s">
    <subfield code="F">030</subfield>
    <subfield code="A">a||u|||||||37</subfield>
  </datafield>
  <datafield tag="964" ind1="0" ind2="s">
    <subfield code="F">050</subfield>
    <subfield code="A">||||||||g|||||</subfield>
  </datafield>
  <datafield tag="964" ind1="0" ind2="s">
    <subfield code="F">052</subfield>
    <subfield code="A">p||||||a|||||||</subfield>
  </datafield>
  <datafield tag="035" ind1=" " ind2=" ">
    <subfield code="a">(DE-600)2013112-4</subfield>
  </datafield>
  <datafield tag="035" ind1=" " ind2=" ">
    <subfield code="a">(OCoLC)984697247</subfield>
    <subfield code="0">(uri) http://www.worldcat.org/oclc/984697247</subfield>
  </datafield>
  <datafield tag="035" ind1=" " ind2=" ">
    <subfield code="a">(DE-599)ZDB2013112-4</subfield>
  </datafield>
  <datafield tag="MBD" ind1=" " ind2=" ">
    <subfield code="M">49HBZ_NETWORK</subfield>
    <subfield code="i">990113161520206441</subfield>
    <subfield code="n">HBZ Network</subfield>
  </datafield>
  <datafield tag="MNG" ind1=" " ind2=" ">
    <subfield code="c">System</subfield>
    <subfield code="f">ILS</subfield>
    <subfield code="i">marc21</subfield>
    <subfield code="k">01</subfield>
    <subfield code="e">false</subfield>
    <subfield code="d">2021-04-30 04:26:59 Europe/Berlin</subfield>
    <subfield code="g">011316152-HBZ01</subfield>
    <subfield code="j">90</subfield>
    <subfield code="a">import</subfield>
    <subfield code="b">2021-04-05 09:19:42 Europe/Berlin</subfield>
  </datafield>
  <datafield tag="GST" ind1=" " ind2=" ">
    <subfield code="a">Periodikum</subfield>
    <subfield code="A">GND</subfield>
    <subfield code="B">GND-040674886</subfield>
    <subfield code="C">450</subfield>
  </datafield>
  <datafield tag="GST" ind1=" " ind2=" ">
    <subfield code="a">Zeitschriften</subfield>
    <subfield code="A">GND</subfield>
    <subfield code="B">GND-040674886</subfield>
    <subfield code="C">450</subfield>
  </datafield>
  <datafield tag="GSI" ind1="7" ind2=" ">
    <subfield code="a">http://d-nb.info/gnd/4067488-5</subfield>
    <subfield code="2">uri</subfield>
    <subfield code="A">GND</subfield>
    <subfield code="B">GND-040674886</subfield>
    <subfield code="C">024</subfield>
  </datafield>
  <datafield tag="GST" ind1=" " ind2=" ">
    <subfield code="a">Besteuerung</subfield>
    <subfield code="A">GND</subfield>
    <subfield code="B">GND-040573990</subfield>
    <subfield code="C">450</subfield>
  </datafield>
  <datafield tag="GST" ind1=" " ind2=" ">
    <subfield code="a">Steuerwesen</subfield>
    <subfield code="A">GND</subfield>
    <subfield code="B">GND-040573990</subfield>
    <subfield code="C">450</subfield>
  </datafield>
  <datafield tag="GSI" ind1="7" ind2=" ">
    <subfield code="a">4057399-0</subfield>
    <subfield code="0">http://d-nb.info/gnd/4057399-0</subfield>
    <subfield code="2">gnd</subfield>
    <subfield code="A">GND</subfield>
    <subfield code="B">GND-040573990</subfield>
    <subfield code="C">024</subfield>
  </datafield>
  <datafield tag="GST" ind1=" " ind2=" ">
    <subfield code="a">Periodikum</subfield>
    <subfield code="A">GND-CONTENT</subfield>
    <subfield code="B">GND-040674886</subfield>
    <subfield code="C">450</subfield>
  </datafield>
  <datafield tag="GST" ind1=" " ind2=" ">
    <subfield code="a">Zeitschriften</subfield>
    <subfield code="A">GND-CONTENT</subfield>
    <subfield code="B">GND-040674886</subfield>
    <subfield code="C">450</subfield>
  </datafield>
  <datafield tag="GSI" ind1="7" ind2=" ">
    <subfield code="a">http://d-nb.info/gnd/4067488-5</subfield>
    <subfield code="2">uri</subfield>
    <subfield code="A">GND-CONTENT</subfield>
    <subfield code="B">GND-040674886</subfield>
    <subfield code="C">024</subfield>
  </datafield>
  <datafield tag="GKT" ind1="2" ind2=" ">
    <subfield code="a">EG</subfield>
    <subfield code="4">abku</subfield>
    <subfield code="4">https://d-nb.info/standards/elementset/gnd#abbreviatedNameForTheCorporateBody</subfield>
    <subfield code="w">r</subfield>
    <subfield code="i">Abkuerzung</subfield>
    <subfield code="e">Abkuerzung</subfield>
    <subfield code="A">GND</subfield>
    <subfield code="B">GND-000354392</subfield>
    <subfield code="C">410</subfield>
  </datafield>
  <datafield tag="GKT" ind1="2" ind2=" ">
    <subfield code="a">European Communities</subfield>
    <subfield code="A">GND</subfield>
    <subfield code="B">GND-000354392</subfield>
    <subfield code="C">410</subfield>
  </datafield>
  <datafield tag="GKT" ind1="2" ind2=" ">
    <subfield code="a">European Community</subfield>
    <subfield code="A">GND</subfield>
    <subfield code="B">GND-000354392</subfield>
    <subfield code="C">410</subfield>
  </datafield>
  <datafield tag="GKT" ind1="2" ind2=" ">
    <subfield code="a">EC</subfield>
    <subfield code="4">abku</subfield>
    <subfield code="4">https://d-nb.info/standards/elementset/gnd#abbreviatedNameForTheCorporateBody</subfield>
    <subfield code="w">r</subfield>
    <subfield code="i">Abkuerzung</subfield>
    <subfield code="e">Abkuerzung</subfield>
    <subfield code="A">GND</subfield>
    <subfield code="B">GND-000354392</subfield>
    <subfield code="C">410</subfield>
  </datafield>
  <datafield tag="GKT" ind1="2" ind2=" ">
    <subfield code="a">Communaut&#233;s Europ&#233;ennes</subfield>
    <subfield code="A">GND</subfield>
    <subfield code="B">GND-000354392</subfield>
    <subfield code="C">410</subfield>
  </datafield>
  <datafield tag="GKT" ind1="2" ind2=" ">
    <subfield code="a">Comunit&#224; Europee</subfield>
    <subfield code="A">GND</subfield>
    <subfield code="B">GND-000354392</subfield>
    <subfield code="C">410</subfield>
  </datafield>
  <datafield tag="GKT" ind1="2" ind2=" ">
    <subfield code="a">Comunit&#224; Europea</subfield>
    <subfield code="A">GND</subfield>
    <subfield code="B">GND-000354392</subfield>
    <subfield code="C">410</subfield>
  </datafield>
  <datafield tag="GKT" ind1="2" ind2=" ">
    <subfield code="a">Communaut&#233; Europ&#233;enne</subfield>
    <subfield code="A">GND</subfield>
    <subfield code="B">GND-000354392</subfield>
    <subfield code="C">410</subfield>
  </datafield>
  <datafield tag="GKT" ind1="2" ind2=" ">
    <subfield code="a">Comunidades Europeas</subfield>
    <subfield code="A">GND</subfield>
    <subfield code="B">GND-000354392</subfield>
    <subfield code="C">410</subfield>
  </datafield>
  <datafield tag="GKT" ind1="2" ind2=" ">
    <subfield code="a">Comunidad Europea</subfield>
    <subfield code="A">GND</subfield>
    <subfield code="B">GND-000354392</subfield>
    <subfield code="C">410</subfield>
  </datafield>
  <datafield tag="GKT" ind1="2" ind2=" ">
    <subfield code="a">Comunidades Europeias</subfield>
    <subfield code="A">GND</subfield>
    <subfield code="B">GND-000354392</subfield>
    <subfield code="C">410</subfield>
  </datafield>
  <datafield tag="GKT" ind1="2" ind2=" ">
    <subfield code="a">Communitates Europaeae</subfield>
    <subfield code="A">GND</subfield>
    <subfield code="B">GND-000354392</subfield>
    <subfield code="C">410</subfield>
  </datafield>
  <datafield tag="GKT" ind1="2" ind2=" ">
    <subfield code="a">CE</subfield>
    <subfield code="4">abku</subfield>
    <subfield code="4">https://d-nb.info/standards/elementset/gnd#abbreviatedNameForTheCorporateBody</subfield>
    <subfield code="w">r</subfield>
    <subfield code="i">Abkuerzung</subfield>
    <subfield code="e">Abkuerzung</subfield>
    <subfield code="A">GND</subfield>
    <subfield code="B">GND-000354392</subfield>
    <subfield code="C">410</subfield>
  </datafield>
  <datafield tag="GKT" ind1="2" ind2=" ">
    <subfield code="a">Europaeiske Faellesskaber</subfield>
    <subfield code="A">GND</subfield>
    <subfield code="B">GND-000354392</subfield>
    <subfield code="C">410</subfield>
  </datafield>
  <datafield tag="GKT" ind1="2" ind2=" ">
    <subfield code="a">EF</subfield>
    <subfield code="4">abku</subfield>
    <subfield code="4">https://d-nb.info/standards/elementset/gnd#abbreviatedNameForTheCorporateBody</subfield>
    <subfield code="w">r</subfield>
    <subfield code="i">Abkuerzung</subfield>
    <subfield code="e">Abkuerzung</subfield>
    <subfield code="A">GND</subfield>
    <subfield code="B">GND-000354392</subfield>
    <subfield code="C">410</subfield>
  </datafield>
  <datafield tag="GKT" ind1="2" ind2=" ">
    <subfield code="a">Europese Gemeenschappen</subfield>
    <subfield code="A">GND</subfield>
    <subfield code="B">GND-000354392</subfield>
    <subfield code="C">410</subfield>
  </datafield>
  <datafield tag="GKT" ind1="2" ind2=" ">
    <subfield code="a">Eur&#333;pa&#239;k&#275; Koinot&#275;s</subfield>
    <subfield code="A">GND</subfield>
    <subfield code="B">GND-000354392</subfield>
    <subfield code="C">410</subfield>
  </datafield>
  <datafield tag="GKT" ind1="2" ind2=" ">
    <subfield code="a">Avrupa Toplulu&#287;u</subfield>
    <subfield code="A">GND</subfield>
    <subfield code="B">GND-000354392</subfield>
    <subfield code="C">410</subfield>
  </datafield>
  <datafield tag="GKT" ind1="2" ind2=" ">
    <subfield code="a">Wsp&#243;lnoty Europejskie</subfield>
    <subfield code="A">GND</subfield>
    <subfield code="B">GND-000354392</subfield>
    <subfield code="C">410</subfield>
  </datafield>
  <datafield tag="GKT" ind1="2" ind2=" ">
    <subfield code="a">Avrupa Topluklar&#305;</subfield>
    <subfield code="A">GND</subfield>
    <subfield code="B">GND-000354392</subfield>
    <subfield code="C">410</subfield>
  </datafield>
  <datafield tag="GSI" ind1="7" ind2=" ">
    <subfield code="a">35439-9</subfield>
    <subfield code="0">http://d-nb.info/gnd/35439-9</subfield>
    <subfield code="2">gnd</subfield>
    <subfield code="A">GND</subfield>
    <subfield code="B">GND-000354392</subfield>
    <subfield code="C">024</subfield>
  </datafield>
</record>